<record><leader>00000cas a22000007a 4500</leader><controlfield tag="001">31204297</controlfield><controlfield tag="008">940930d19031903mauwr ne      0    0eng d</controlfield><datafield ind1=" " ind2=" " tag="010"><subfield code="a">sn 94055640 </subfield></datafield><datafield ind1=" " ind2=" " tag="040"><subfield code="a">MGN</subfield><subfield code="b">eng</subfield><subfield code="c">MGN</subfield><subfield code="d">OCLCQ</subfield></datafield><datafield ind1=" " ind2=" " tag="042"><subfield code="a">msc</subfield></datafield><datafield ind1="0" ind2=" " tag="130"><subfield code="a">Webster times (Webster, Mass. : 1903)</subfield></datafield><datafield ind1="1" ind2="4" tag="245"><subfield code="a">The Webster times.</subfield></datafield><datafield ind1=" " ind2=" " tag="260"><subfield code="a">Webster, Mass. :</subfield><subfield code="b">Bay State Box and Print. Co.</subfield></datafield><datafield ind1=" " ind2=" " tag="300"><subfield code="a">v.</subfield></datafield><datafield ind1=" " ind2=" " tag="310"><subfield code="a">Weekly</subfield></datafield><datafield ind1=" " ind2=" " tag="580"><subfield code="a">Daily ed.: Webster evening times (Webster, Mass.) : 1903), 1903.</subfield></datafield><datafield ind1=" " ind2=" " tag="588"><subfield code="a">Description based on: Oct. 16, 1903.</subfield></datafield><datafield ind1=" " ind2=" " tag="752"><subfield code="a">United States</subfield><subfield code="b">Massachusetts</subfield><subfield code="c">Worcester</subfield><subfield code="d">Webster.</subfield></datafield><datafield ind1="1" ind2=" " tag="775"><subfield code="t">Webster evening times (Webster, Mass. : 1903)</subfield><subfield code="w">(DLC)sn 89063421</subfield></datafield></record>